
@misc{floydWarsh,
  title={Floyd-Warshallův algoritmus},
	author={ALGORITMY.NET},
	note="[cit. 2016-04-07]",
  	year={2016},
  url={https://www.algoritmy.net/article/5207/Floyd-Warshalluv-algoritmus},
}

@misc{dijskraAlg,
  title={Dijkstrův algoritmus},
	author={ALGORITMY.NET},
	note="[cit. 2016-04-07]",
  	year={2016},
  url={https://www.algoritmy.net/article/5108/Dijkstruv-algoritmus},
}


@misc{cudaFloyd,
  title={Dynamic programming with CUDA -- Part 1},
  author={Robert Hochberg},
  url={http://www.shodor.org/media/content/petascale/materials/UPModules/dynamicProgrammingPartI/dynProgPt1ModuleDoc.pdf},
  note="[cit. 2016-05-02]",
  year={2016}
}